@online{introduction_ann,
	author = {Christos Stergiou and Dimitrios Siganos},
	title = {{NEURAL NETWORKS}},
	url = {https://www.doc.ic.ac.uk/~nd/surprise_96/journal/vol4/cs11/report.html#Introduction%20to%20neural%20networks},
	urldate = {2018-23-04},
	date = {2007-06-29},
}

@online{ibm_data,
	title={2.5 quintillion bytes of data created every day. How does CPG & Retail manage it?},
	url={https://www.ibm.com/blogs/insights-on-business/consumer-products/2-5-quintillion-bytes-of-data-created-every-day-how-does-cpg-retail-manage-it/},
	journal={IBM Consumer Products Industry Blog},
	publisher={IBM},
	author={Jacobson, Ralph},
	urldate = {2018-23-04},
	date={2016-1-10}
}

@online{number_of_neurons,
	title={How Many Neurons Are in the Brain?},
	url={https://www.verywellmind.com/how-many-neurons-are-in-the-brain-2794889},
	journal={Verywell Mind},
	author={Cherry, Kendra and Gans, Steven},
	urldate = {2018-23-04},
	date={2018-5-4}
}

@online{learning_rate,
	title={Understanding Learning Rates and How It Improves Performance in Deep Learning},
	url={https://towardsdatascience.com/understanding-learning-rates-and-how-it-improves-performance-in-deep-learning-d0d4059c1c10},
	journal={Towards Data Science},
	author={Hafidz Zulkifli},
	urldate = {2018-21-01},
	date={2018-5-4}
}

@online{gradient_equation,
	title={Derivation: Error Backpropagation & Gradient Descent for Neural Networks},
	url={https://theclevermachine.wordpress.com/2014/09/06/derivation-error-backpropagation-gradient-descent-for-neural-networks/},
	journal={The Clever Machine},
	author={Dustin Stansbury},
	urldate = {2014-07-09},
	date={2018-15-4}
}

@online{rnn_generation,
	title={Text Generation with Recurrent Neural Networks (RNNs)},
	url={https://blog.paperspace.com/recurrent-neural-networks-part-1-2/},
	journal={Hello Paperspace},
	author={Filipe},
	urldate = {2017-01-04},
	date={2018-18-4}
}

@ARTICLE{critical_rnn,
   author = {{Lipton}, Z.~C. and {Berkowitz}, J. and {Elkan}, C.},
    title = "{A Critical Review of Recurrent Neural Networks for Sequence Learning}",
  journal = {ArXiv e-prints},
archivePrefix = "arXiv",
   eprint = {1506.00019},
 primaryClass = "cs.LG",
 keywords = {Computer Science - Learning, Computer Science - Neural and Evolutionary Computing},
     year = 2015,
    month = may,
   adsurl = {http://adsabs.harvard.edu/abs/2015arXiv150600019L},
  adsnote = {Provided by the SAO/NASA Astrophysics Data System}
}

@online{rnn_train,
	title={Recurrent Neural Networks Tutorial, Part 1 – Introduction to RNNs},
	url={http://www.wildml.com/2015/09/recurrent-neural-networks-tutorial-part-1-introduction-to-rnns/},
	journal={WildML},
	author={Denny Britz},
	urldate = {2016-17-08},
	date={2018-19-4}
}

@article{werbos_bptt,
	author = {Werbos, Paul},
	year = {1990},
	month = {11},
	pages = {1550 - 1560},
	title = {Backpropagation through time: what it does and how to do it},
	volume = {78},
	booktitle = {Proceedings of the IEEE}
}

@ARTICLE{rnn_dif,
   author = {{Pascanu}, R. and {Mikolov}, T. and {Bengio}, Y.},
    title = "{On the difficulty of training Recurrent Neural Networks}",
  journal = {ArXiv e-prints},
archivePrefix = "arXiv",
   eprint = {1211.5063},
 primaryClass = "cs.LG",
 keywords = {Computer Science - Learning},
     year = 2012,
    month = nov,
   adsurl = {http://adsabs.harvard.edu/abs/2012arXiv1211.5063P},
  adsnote = {Provided by the SAO/NASA Astrophysics Data System}
}

@article{vanishing_gradient,
	author = {Bengio, Y. and Simard, P. and Frasconi, P.},
	title = {Learning Long-term Dependencies with Gradient Descent is Difficult},
 	journal = {Trans. Neur. Netw.},
 	issue_date = {March 1994},
 	volume = {5},
 	number = {2},
 	month = mar,
 	year = {1994},
 	issn = {1045-9227},
 	pages = {157--166},
 	numpages = {10},
 	url = {http://dx.doi.org/10.1109/72.279181},
 	doi = {10.1109/72.279181},
 	acmid = {2328340},
 	publisher = {IEEE Press},
 	address = {Piscataway, NJ, USA},
}

@online{existence_gradient,
	title={Recurrent Neural Networks Tutorial, Part 3 – Backpropagation Through Time and Vanishing Gradients},
	url={http://www.wildml.com/2015/10/recurrent-neural-networks-tutorial-part-3-backpropagation-through-time-and-vanishing-gradients/},
	journal={WildML},
	author={Denny Britz},
	urldate = {2015-8-10},
	date={2018-19-4}
}

@article{lstm,
	author = { Sepp Hochreiter  and  JÃŒrgen Schmidhuber },
	title = {Long Short-Term Memory},
	journal = {Neural Computation},
	volume = {9},
	number = {8},
	pages = {1735-1780},
	year = {1997},
	URL = {https://doi.org/10.1162/neco.1997.9.8.1735},
}

@Article{rnn_topology,
	AUTHOR = {Zheng, Huiting and Yuan, Jiabin and Chen, Long},
	TITLE = {Short-Term Load Forecasting Using EMD-LSTM Neural Networks with a Xgboost Algorithm for Feature Importance Evaluation},
	JOURNAL = {Energies},
	VOLUME = {10},
	YEAR = {2017},
	NUMBER = {8},
	URL = {http://www.mdpi.com/1996-1073/10/8/1168},
	ISSN = {1996-1073},
	DOI = {10.3390/en10081168}
}

@Article{rnn_gradients_flow,
	AUTHOR = {Ma, Ye and Chang, Qing and Lu, Huanzhang and Liu, Junliang},
	TITLE = {Reconstruct Recurrent Neural Networks via Flexible Sub-Models for Time Series Classification},
	JOURNAL = {Applied Sciences},
	VOLUME = {8},
	YEAR = {2018},
	NUMBER = {4},
	URL = {http://www.mdpi.com/2076-3417/8/4/630},
	ISSN = {2076-3417},
	DOI = {10.3390/app8040630}
}

@online{lstm_diagram,
	title={LSTM cells in PyTorch},
	url={https://medium.com/@andre.holzner/lstm-cells-in-pytorch-fab924a78b1c},
	journal={Medium},
	author={Andre Holzner},
	urldate = {2018-08-10},
	date={2018-19-4}
}

@online{neuron,
	title={Neuron},
	url={https://en.wikipedia.org/wiki/Neuron},
	journal={Wikipedia},
	urldate = {2018-08-10},
	date={2018-19-4}
}

@inproceedings{ctc,
 author = {Graves, Alex and Fern\'{a}ndez, Santiago and Gomez, Faustino and Schmidhuber, J\"{u}rgen},
 title = {Connectionist Temporal Classification: Labelling Unsegmented Sequence Data with Recurrent Neural Networks},
 booktitle = {Proceedings of the 23rd International Conference on Machine Learning},
 series = {ICML '06},
 year = {2006},
 isbn = {1-59593-383-2},
 pages = {369--376},
 numpages = {8},
 url = {http://doi.acm.org/10.1145/1143844.1143891},
 doi = {10.1145/1143844.1143891},
 acmid = {1143891},
 publisher = {ACM},
}

@book{ctc_info,
	author = {Graves, Alex},
	year = {2012},
	month = {01},
	pages = {},
	title = {Supervised Sequence Labelling with Recurrent Neural Networks},
	volume = {385},
	booktitle = {Stud Comput Intell}
}

@online{gradient_cliping,
	title={A Gentle Introduction to Exploding Gradients in Neural Networks},
	url={https://machinelearningmastery.com/exploding-gradients-in-neural-networks/},
	journal={Machine Learning Mastery},
	urldate = {2017-09-27},
	date={2018-22-4}
}
